@article{fiorentini2007geo,
  title={Geo-neutrinos and earth's interior},
  author={Fiorentini, Gianni and Lissia, Marcello and Mantovani, Fabio},
  journal={Physics Reports},
  volume={453},
  number={5-6},
  pages={117--172},
  year={2007},
  publisher={Elsevier}
}

@misc{Enomoto_Spectrum,
  title={\href{{https://www.awa.tohoku.ac.jp/~sanshiro/research/geoneutrino/spectrum/}}{Geoneutrino Decay Spectrum}},
  author={Enomoto Sanshiro}
}

@misc{Original_GEONU,
  title={\href{{https://github.com/LSKgeo/GEONU}}{https://github.com/LSKgeo/GEONU}},
  author={Yu Huang, Scott Wipperfurth, William McDonough, Laura Sammon Keen, Tytrice Faison}
}

@article{huang2013reference,
  title={A reference Earth model for the heat-producing elements and associated geoneutrino flux},
  author={Huang, Yu and Chubakov, Viacheslav and Mantovani, Fabio and Rudnick, Roberta L and McDonough, William F},
  journal={Geochemistry, Geophysics, Geosystems},
  volume={14},
  number={6},
  pages={2003--2029},
  year={2013},
  publisher={Wiley Online Library}
}

@article{wipperfurth2020reference,
  title={Reference models for lithospheric geoneutrino signal},
  author={Wipperfurth, Scott A and {\v{S}}r{\'a}mek, Ond{\v{r}}ej and McDonough, William F},
  journal={Journal of Geophysical Research: Solid Earth},
  volume={125},
  number={2},
  pages={e2019JB018433},
  year={2020},
  publisher={Wiley Online Library}
}

@article{dye2012geoneutrinos,
  title={Geoneutrinos and the radioactive power of the Earth},
  author={Dye, ST},
  journal={Reviews of Geophysics},
  volume={50},
  number={3},
  year={2012},
  publisher={Wiley Online Library}
}

@article{GeonSpectra-2024,
  title={New calculation of the geo-neutrino energy spectrum and its implication},
  author={Li, Yu-Feng and Xin, Zhao},
  journal={arXiv preprint arXiv:2412.07711},
  year={2024}
}

@article{IBD-1999,
  title={Angular distribution of neutron inverse beta decay, $\nu$ e+ pâ†’ e++ n},
  author={Vogel, P and Beacom, John F},
  journal={Physical review D},
  volume={60},
  number={5},
  pages={053003},
  year={1999},
  publisher={APS}
}

@article{IBD-2003,
  title={Precise quasielastic neutrino/nucleon cross-section},
  author={Strumia, Alessandro and Vissani, Francesco},
  journal={Physics Letters B},
  volume={564},
  number={1-2},
  pages={42--54},
  year={2003},
  publisher={Elsevier}
}

@article{IBD-2022,
  title={An accurate evaluation of electron (anti-) neutrino scattering on nucleons},
  author={Ricciardi, Giulia and Vignaroli, Natascia and Vissani, Francesco},
  journal={Journal of High Energy Physics},
  volume={2022},
  number={8},
  pages={1--27},
  year={2022},
  publisher={Springer}
}

@article{Huang2013,
  title={A reference Earth model for the heat-producing elements and associated geoneutrino flux},
  author={Huang, Yu and Chubakov, Viacheslav and Mantovani, Fabio and Rudnick, Roberta L and McDonough, William F},
  journal={Geochemistry, Geophysics, Geosystems},
  volume={14},
  number={6},
  pages={2003--2029},
  year={2013},
  publisher={Wiley Online Library}
}